@misc{ DefClust,
       author = "Pradeep Rai, Shubha Singh",
       title = "A Survey of Clustering Techniques",
       howpublished = "\url{http://www.ijcaonline.org/volume7/number12/pxc3871808.pdf}",
       year = "2010",
       note = "[Online; Obtenido 01-Septiembre-2017]"}

@misc{ TimeSeries,
       author = "Saeed Aghabozorgi, Ali Seyed Shirkhorshidi, Teh Ying Wah",
       title = "Time-series clustering â€“ A decade review",
       howpublished = "\url{http://www.sciencedirect.com/science/article/pii/S0306437915000733?via%3Dihub}",
       year = "2015",
       note = "[Online; Obtenido 01-Septiembre-2017]"}

@misc{ TimeSeries2,
       author = "Corduas Marcella, Piccolo Domenico",
       title = "Time Series Clustering and Classification by the Autoregressive Metric",
       howpublished = "\url{http://www.sciencedirect.com/science/article/pii/S0306437915000733?via%3Dihub}",
       year = "2015",
       note = "[Online; Obtenido 01-Septiembre-2017]"}

@misc{ TimeSeries3,
       author = "T. Warren Liao",
       title = "Clustering of time series data - a survey",
       year = "2005",
       note = "[Online; Obtenido 09-Octubre-2017]"}

@misc{ Music,
       author = "Elias Pampalk",
       title = "Computational Models of Music Similarity and their Application in Music Information Retrieval",
       year = "2006",
       note = "[Online; Obtenido 09-Octubre-2017]"}
